@misc{matt2012,
  author = {Matt, R. and Shannon, C. and Oliver, H.},
  title = {Does alcohol consumption affect academic performance?},
  year = {2012},
  url = {http://www.shannclark.weebly.com/uploads/2/5/1/4/25149157/the_effect_of_alcohol_consumption_on_academic_performance.pdf},
  note = {Accessed: 2024-08-28}
}

@article{singleton2009,
  author = {Singleton, R. A. and Wolfston, A. R.},
  title = {Alcohol consumption, sleep, and academic performance among college students},
  journal = {Journal of Studies on Alcohol and Drugs},
  volume = {70},
  number = {3},
  pages = {355--363},
  year = {2009}
}

@article{idoko2015,
  author = {Idoko, J. O. and Muyiwa, A. S. and Agoha, B. C. E.},
  title = {The effect of alcohol consumption on the performance of undergraduate students},
  journal = {Psychology and Behavioral Science},
  volume = {4},
  number = {4},
  pages = {147--153},
  year = {2015}
}

@article{villarosa2014,
  author = {Villarosa, M. C. and Madson, M. B. and Zeigler-Hill, V. and Noble, J. J. and Mohn, R. S.},
  title = {Social anxiety symptoms and drinking behaviors among college students: The mediating effects of drinking motives},
  journal = {Psychology of Addictive Behaviors},
  volume = {28},
  number = {3},
  pages = {710--718},
  year = {2014}
}

@article{white2013,
  author = {White, A.},
  title = {Excessive alcohol consumption and related consequences among college students},
  journal = {Alcohol Research: Current Reviews},
  volume = {35},
  number = {2},
  pages = {201--219},
  year = {2013}
}
